%% This BibTeX bibliography file was created using BibDesk.
%% http://bibdesk.sourceforge.net/


%% Saved with string encoding Unicode (UTF-8) 


@book{rdevelopmentcoreteam2019_LanguageEnvironmentStatistical,
	Author = {{R Development Core Team}},
	Date = {2019},
	Date-Added = {2019-09-16 20:25:18 +1200},
	Date-Modified = {2019-09-16 20:25:18 +1200},
	Isbn = {3-900051-07-0},
	Publisher = {{R Foundation for Statistical Computing, Vienna, Austria}},
	Title = {R: {{A}} Language and Environment for Statistical Computing},
	Url = {http://www.R-project.org},
	Bdsk-Url-1 = {http://www.R-project.org}}

@article{burkner2017_BrmsPackageBayesian,
	Author = {B\"urkner, Paul-Christian},
	Date = {2017},
	Date-Added = {2019-09-16 20:23:59 +1200},
	Date-Modified = {2019-09-16 20:24:33 +1200},
	Doi = {10.18637/jss.v080.i01},
	Issn = {1548-7660},
	Journaltitle = {Journal of Statistical Software},
	Langid = {english},
	Number = {1},
	Pages = {1-28},
	Shortjournal = {J. Stat. Soft.},
	Shorttitle = {Brms},
	Title = {brms: {{An R}} Package for {{Bayesian}} Multilevel Models Using {{Stan}}},
	Volume = {80},
	Bdsk-Url-1 = {https://doi.org/10.18637/jss.v080.i01}}



